@ARTICLE{Needleman,
   author = "S. B. Needleman and C. D. Wunsch",
   title = "A General Method Applicable to the Search for Similarities in the Amino Acid Sequence of Two Proteins",
   journal = "J. Mol. Biol.",
   volume = 48,
   pages = "443--453",
   year = 1970
   }

@ARTICLE{Fitch,
   author = "W. M. Fitch",
   title = "Random sequences",
   journal = "J. Mol. Biol.",
   volume = 163,
   issue = "2",
   pages = "171--176",
   year = 1983
   }

@ARTICLE{BockNGough,
   author = "J. R. Bock and D. A. Gough",
   title = "Predicting protein-protein interactions from primary structure",
   journal = "Bioinformatics",
   volume = 17,
   number = 5
   pages = "455--460",
   year = 2001
   }

@INCOLLECTION{Joachims,
   author = "T. Joachims",
   booktitle = {Advances in Kernel Methods--Support Vector Learning},
   publisher = {MIT Press},
   address = {MA, USA},
   pages = {169--184},
   year = {1999}
}

@ARTICLE{Yu,
   author = "Y. Haiyuan et al.",
   title = "High-Quality Binary Protein Interaction Map of the Yeast Interactome Network",
   journal = "Science",
   volume = 322,
   number = 5898,
   pages = "104--110",
   year = "2008"
}

@ARTICLE{Guo,
   author = "Y. Guo et al.",
   title = "Using support vector machine combined with auto covariance to predict protein-protein interactions from protein sequences",
   journal = "Nucleic Acids Res",
   volume = 36,
   number = 9,
   pages = "3025--3030",
   year = 2008
}